@misc{dummy,
	Author = {{o.A.}},
	Howpublished = {\url{URL}},
	Note = {Einsicht: 01.01.2012},
	Title = {{o.T.}},
	Year = {},
	Month = {}
}


@book{Hompel2011,
	author = {Ten Hompel, Michael},
	editor = {Sadowsky, Volker and Beck, Maria},
	title = {Kommissionierung: Materialflusssysteme 2 - Planung und Berechnung der Kommissionierung in der Logistik},
	address = {Berlin, Heidelberg},
	year = {2011},
	publisher = {Springer Berlin Heidelberg},
	keywords = {Industrial engineering. Engineering economy. Engineering},
	pages = {Online-Ressource (X, 295S. 100 Abb, digital)},
	ISBN = {978-3-540-29940-0},
	ISBN = {978-3-540-29622-5 (Druckausgabe)},
}

@book{kendon2004,
	title={Gesture: Visible action as utterance},
	author={Kendon, Adam},
	year={2004},
	publisher={Cambridge University Press}
}
@book{mcneill2008,
	title={Gesture and thought},
	author={David McNeill},
	year={2008},
	publisher={University of Chicago Press}
}

@inproceedings{kolb2008,
	title={ToF-sensors: New dimensions for realism and interactivity},
	author={Kolb, Andreas and Barth, Erhardt and Koch, Reinhard},
	booktitle={Computer Vision and Pattern Recognition Workshops, 2008. CVPRW'08. IEEE Computer Society Conference on},
	pages={1-6},
	year={2008},
	organization={IEEE}
}
@inproceedings{Cree2013,
        AUTHOR = "u.a. Cree",
        TITLE = "Analysis of the SoftKinetic DepthSense for Range Imaging",
        BOOKTITLE = ICIAR13,
        YEAR = "2013",
        PAGES = "668-675"
        }
@techreport{Pu2013,
 	AUTHOR="u.A. Pu",
 	TITLE="Whole-Home Gesture Recognition Using Wireless Signals",
 	INSTITUTION="University of Washington",
 	YEAR="2013",
 	howpublished="\url{wisee.cs.washington.edu}"
 	}
 	
@book{bronstein91,
	title={Taschenbuch der Mathematik},
	author={Bronstein and Semendjadew},
	year={1991},
	publisher={Nauka}
}

@masterthesis
{
	bringeland14,
	AUTHOR="Sabrina Bringeland",
	TITLE="Gestenerkennung als Voraussetzung zur Interaktion mit Service- Robotern",
	SCHOOL="Justus-Liebig-Universit‰t Gieﬂen",
	YEAR={2014},
	
}

@misc{
myo,
howpublished={\url{https://www.thalmic.com/en/myo/techspecs}},
author="THALMICLABS",
Title="Technische Spezifikationen des Myo- Armbands"	
}

@misc{
	fin,	
	howpublished={\url{lhttp://www.finrobotics.com/}},
	author="finrobotics",
	title="Website der finrobotics"	
	}
	
		
@misc{
	kinectv2,
	howpublished={
	\url{http://www.microsoft.com/en-us/kinectforwindows/meetkinect/features.aspx}},
	author="Microsoft",
	title="Spezifikation der Kinect v2"		
	}
@techreport{
	kalman1960,
	author="R.E: Kalman",
	title="A NEW Approach to Linear Filtering and Prediction Problems",
	institution="Research Institute for Advanced Study, Baltimore",
	Year={1960}
}

@misc{
	vdi3590,
	type="Norm",
	title="Kommissioniersysteme; Grundlagen",
	author="VDI- Gesellschaft Produktion und Logistik",
	year={1994},
	number={VDI Richtlinie 3590 Blatt 1}
	}


@misc{
	mbed,
	howpublished={\url{developer.mbed.org/platforms/mbed-LPC1768/}},
	author={{ARM mbed}},
	title="mbed LPC1768"	
}


@misc{
	golfrtouch,
	author="Constantin Bergander",
	title="Ein Golf mit Hirn und NEtz zum Anfassen",
	howpublished={\url{http://www.motor-talk.de/news/ein-golf-mit-hirn-und-netz-zum-anfassen-t5165720.html}}
	
}

@misc
{
		bno055,
		author={{Bosch Sensortech}},
		title="BNO055",
		howpublished={\url{http://www.bosch-sensortec.com/en/homepage/products_3/9_axis_sensors_5/ecompass_2/bno055_3/bno055_4}}
}